<?xml version="1.0" encoding="UTF-8"?><collection xmlns="http://www.loc.gov/MARC21/slim"><record><leader>00390nam--2200133-i-4500</leader><controlfield tag="001">000040339</controlfield><controlfield tag="002">20161230</controlfield><controlfield tag="005">20161230201042</controlfield><controlfield tag="008">060222s1000------------r-----000-0-eng-d</controlfield><datafield ind1=" " ind2=" " tag="080"><subfield code="a">621.375.826</subfield></datafield><datafield ind1=" " ind2=" " tag="100"><subfield code="a">Woodward, Benjamin W. And Sasnett, Michael W</subfield></datafield><datafield ind1=" " ind2=" " tag="245"><subfield code="a">High power nitrogen laser engineeering and manufacturing</subfield></datafield><datafield ind1=" " ind2=" " tag="260"><subfield code="a">Sunnyvale, Molecular Corporation, /P.Dif</subfield></datafield><datafield ind1=" " ind2=" " tag="852"><subfield code="a">46637</subfield></datafield></record></collection>